% Encoding: UTF-8

@Book{Aarnes2017:16,
  author    = {André Årnes and Stefan Axelsson and Petter Christian Bjelland and Ausra Dilijonaite and Anders Orsten Flaglien and Katrin Franke and Jeff Hamm and Jens-Petter Sndvik and Inger Marie Sunde},
  editor    = {André Årnes},
  publisher = {John Wiley and Sons Ltd},
  title     = {Digital Forensics},
  year      = {2017},
  isbn      = {1119262380},
  date      = {2017-07-21},
  ean       = {9781119262381},
  pagetotal = {370},
  pages     = {16--17}
}

@Book{Aarnes2017:23,
  author    = {André Årnes and Stefan Axelsson and Petter Christian Bjelland and Ausra Dilijonaite and Anders Orsten Flaglien and Katrin Franke and Jeff Hamm and Jens-Petter Sndvik and Inger Marie Sunde},
  editor    = {André Årnes},
  publisher = {John Wiley and Sons Ltd},
  title     = {Digital Forensics},
  year      = {2017},
  isbn      = {1119262380},
  date      = {2017-07-21},
  ean       = {9781119262381},
  pagetotal = {370},
  pages     = {23--24}
}

@Book{Aarnes2017:34,
  author    = {André Årnes and Stefan Axelsson and Petter Christian Bjelland and Ausra Dilijonaite and Anders Orsten Flaglien and Katrin Franke and Jeff Hamm and Jens-Petter Sndvik and Inger Marie Sunde},
  editor    = {André Årnes},
  publisher = {John Wiley and Sons Ltd},
  title     = {Digital Forensics},
  year      = {2017},
  isbn      = {1119262380},
  date      = {2017-07-21},
  ean       = {9781119262381},
  pagetotal = {370},
  pages     = {34--35}
}

@Book{Aarnes2017:46,
  author    = {André Årnes and Stefan Axelsson and Petter Christian Bjelland and Ausra Dilijonaite and Anders Orsten Flaglien and Katrin Franke and Jeff Hamm and Jens-Petter Sndvik and Inger Marie Sunde},
  editor    = {André Årnes},
  publisher = {John Wiley and Sons Ltd},
  title     = {Digital Forensics},
  year      = {2017},
  isbn      = {1119262380},
  date      = {2017-07-21},
  ean       = {9781119262381},
  pagetotal = {370},
  pages     = {46}
}

@Book{Aarnes2017:156,
  author    = {André Årnes and Stefan Axelsson and Petter Christian Bjelland and Ausra Dilijonaite and Anders Orsten Flaglien and Katrin Franke and Jeff Hamm and Jens-Petter Sndvik and Inger Marie Sunde},
  editor    = {André Årnes},
  publisher = {John Wiley and Sons Ltd},
  title     = {Digital Forensics},
  year      = {2017},
  isbn      = {1119262380},
  date      = {2017-07-21},
  ean       = {9781119262381},
  pagetotal = {370},
  pages     = {156}
}

@Book{Aarnes2017:160,
  author    = {André Årnes and Stefan Axelsson and Petter Christian Bjelland and Ausra Dilijonaite and Anders Orsten Flaglien and Katrin Franke and Jeff Hamm and Jens-Petter Sndvik and Inger Marie Sunde},
  editor    = {André Årnes},
  publisher = {John Wiley and Sons Ltd},
  title     = {Digital Forensics},
  year      = {2017},
  isbn      = {1119262380},
  date      = {2017-07-21},
  ean       = {9781119262381},
  pagetotal = {370},
  pages     = {160}
}

@Book{Nikkel2016:154,
  author    = {Bruce Nikkel},
  publisher = {No Starch Press},
  title     = {Practical Forensic Imaging},
  year      = {2016},
  isbn      = {1593277938},
  date      = {2016-01-09},
  ean       = {9781593277932},
  pagetotal = {320},
  pages     = {154--157}
}

@Book{Nikkel2016:200,
  author    = {Bruce Nikkel},
  publisher = {No Starch Press},
  title     = {Practical Forensic Imaging},
  year      = {2016},
  isbn      = {1593277938},
  date      = {2016-01-09},
  ean       = {9781593277932},
  pagetotal = {320},
  pages     = {200--202}
}

@Book{Carrier2005:15,
  author    = {Brian Carrier},
  publisher = {Addison Wesley and Pearson Education, Inc.},
  title     = {File System Forensic Analysis},
  year      = {2005},
  isbn      = {0321268172},
  date      = {2005-03-01},
  ean       = {9780321268174},
  pagetotal = {600},
  pages     = {15}
}

@Book{Tanenbaum2014:28,
  author    = {Andrew S. Tanenbaum and Herbert Bos},
  publisher = {Pearson Education},
  title     = {Modern Operating Systems},
  year      = {2014},
  isbn      = {1292061421},
  date      = {2014-09-18},
  ean       = {9781292061429},
  pagetotal = {1136},
  pages     = {28}
}

@Book{Tanenbaum2014:626,
  author    = {Andrew S. Tanenbaum and Herbert Bos},
  publisher = {Pearson Education},
  title     = {Modern Operating Systems},
  year      = {2014},
  isbn      = {1292061421},
  date      = {2014-09-18},
  ean       = {9781292061429},
  pagetotal = {1136},
  pages     = {626}
}

@article{Mehner2014,
  title={Bash Style Guide and Coding Standard},
  url  = "https://lug.fh-swf.de/vim/vim-bash/StyleGuideShell.en.pdf",
  author={Fritz Mehner},
  pagetotal = {13},
  year={2014},
  publisher={Fachhochschule Südwestfalen, Iserlohn}
}

@Misc{IBM1974,
  author = {IBM},
  month  = feb,
  title  = {Introduction to IBM Direct-Access Storage Devices and Organization Methods},
  year   = {1974},
}

@online{EWF,
    author = "U.S. government",
    title = "Expert Witness Disk Image Format (EWF) Family",
    url  = "https://www.loc.gov/preservation/digital/formats/fdd/fdd000406.shtml",
    addendum = "(accessed: 26.05.2021)",
    keywords = "container formats"
}

@online{HybridMBR,
    author = "Rod Smith",
    title = "Hybrid MBRs: The Good, the Bad, and the So Ugly You'll Tear Your Eyes Out",
    url  = "https://www.rodsbooks.com/gdisk/hybrid.html",
    addendum = "(accessed: 26.05.2021)",
    keywords = "hybrid mbr"
}

@online{OSXKVM,
    author = "Dhiru Kholia",
    title = "Run macOS on QEMU/KVM",
    url  = "https://github.com/kholia/OSX-KVM",
    addendum = "(accessed: 26.05.2021)",
    keywords = "macos osx emulation kvm qemu hackintosh qemu-kvm macos-installer macos-mojave mojave-hackintosh catalina catalina-hackinotsh bigsur bigsur-hackintosh kernel-debugging"
}

@article{Patterson1988,
  title={A Case for Redundant Arrays of Inexpensive Disks (RAID)},
  url  = "https://www.cs.cmu.edu/~garth/RAIDpaper/Patterson88.pdf",
  author={David A. Patterson, Garth Gibson, and Randy H. Katz},
  pages={109--116},
  year={1988},
  publisher={Umversity of Cabforma}
}

@Comment{jabref-meta: databaseType:bibtex;}